@misc{website:edward-snowden-basic,
  author = "Suzanna Andrews, Bryan Burrough and Sarah Ellison",
  title = "The Snowden Saga: A Shadowland of Secrets and Light",
  month = "May",
  year = "2014",
  url = "http://www.vanityfair.com/politics/2014/05/edward-snowden-politics-interview"
}
@misc{website:a-stand-for-democracy,
  author = "Kirstine Kollerup Madsen",
  title = "A Stand for Democracy in the Digital age",
  month = "December",
  year = "2013",
  url = "http://politiken.dk/newsinenglish/ECE2155556/a-stand-for-democracy-in-the-digital-age/"
}
@misc{interview:edward-snowden-christmas,
  author = "Edward Snowden",
  title = "Raw: Snowden Sends Christmas Day Message to US",
  month = "December",
  year = "2013",
  url = "http://www.youtube.com/watch?v=8iuLLkWefxs"
}
